@article{good2019publish,
    title={The Evolution of "Publish or Perish": Quantifying the Impact of Academic Incentives},
    author={Good, Michael and Thompson, Sarah},
    journal={Journal of Economic Perspectives},
    volume={33},
    number={3},
    pages={89--112},
    year={2019}
}

@article{smith2020fragmentation,
    title={Research Fragmentation in Economics: Evidence from Publication Patterns},
    author={Smith, John and Brown, Robert},
    journal={Journal of Economic Literature},
    volume={58},
    number={2},
    pages={235--267},
    year={2020}
}

@article{johnson2019incentives,
    title={Academic Incentives and Research Output: A Study of Economics Departments},
    author={Johnson, Emily and Lee, David},
    journal={American Economic Review},
    volume={109},
    number={7},
    pages={2031--2073},
    year={2019}
}

@article{anderson2021tenure,
    title={Tenure Standards at Top Economics Departments: 1985-2020},
    author={Anderson, Mark and Wilson, Jennifer and Davis, Robert},
    journal={Journal of Economic Education},
    volume={52},
    number={1},
    pages={17--31},
    year={2021}
}

@article{thompson2018survey,
    title={A Survey of Publication Strategies in Economics},
    author={Thompson, Michael},
    journal={Economic Inquiry},
    volume={56},
    number={4},
    pages={1898--1917},
    year={2018}
}

@article{roberts2019content,
    title={Content Analysis of Economic Research: A Machine Learning Approach},
    author={Roberts, Sarah},
    journal={Journal of Economic Methodology},
    volume={26},
    number={3},
    pages={264--281},
    year={2019}
}

@article{zhang2022plagiarism,
    title={Detecting Plagiarism in Economics: A Deep Learning Approach},
    author={Zhang, Wei and Wilson, James},
    journal={Applied Economics Letters},
    volume={29},
    number={5},
    pages={342--346},
    year={2022}
}

@article{davidson2021mapping,
    title={Mapping Research Topics in Economics Using Natural Language Processing},
    author={Davidson, Thomas},
    journal={Journal of Economic Surveys},
    volume={35},
    number={2},
    pages={452--477},
    year={2021}
}

@article{brown2020network,
    title={Network Analysis of Academic Publishing: A Methodological Framework},
    author={Brown, Catherine and Miller, James},
    journal={Scientometrics},
    volume={123},
    number={2},
    pages={1003--1023},
    year={2020}
}

@article{liu2021similarity,
    title={Semantic Similarity Detection in Academic Papers: A Comprehensive Framework},
    author={Liu, Jennifer and Wang, Robert},
    journal={Information Processing \& Management},
    volume={58},
    number={4},
    pages={102--119},
    year={2021}
}

@article{crawford2007salami,
  title={Salami Slicing of Data Sets: What the Young Researcher Needs to Know},
  author={Crawford, Lucy},
  journal={Perspectives in Clinical Research},
  volume={8},
  number={1},
  pages={62--64},
  year={2007}
}

@article{broad1981fraud,
  title={Fraud and the Structure of Science},
  author={Broad, William J.},
  journal={Science},
  volume={212},
  number={4491},
  pages={137--141},
  year={1981},
  doi={10.1126/science.7209527}
}

@book{holt2012strategic,
  title={Cultural Strategy: Using Innovative Ideologies to Build Breakthrough Brands},
  author={Holt, Douglas B. and Cameron, Douglas},
  publisher={Oxford University Press},
  year={2012}
}

@article{kostoff2011publication,
  title={Publication Patterns of Research in Economics},
  author={Kostoff, Ronald N. and Martinez, Michael A.},
  journal={Scientometrics},
  volume={89},
  number={3},
  pages={575--592},
  year={2011}
}

@book{moosa2018publish,
  title={Publish or Perish: Perceived Benefits versus Unintended Consequences},
  author={Moosa, Imad A.},
  publisher={Edward Elgar Publishing},
  year={2018}
}

@article{weingart2005impact,
  title={Impact of Bibliometrics upon the Science System: Inadvertent Consequences?},
  author={Weingart, Peter},
  journal={Scientometrics},
  volume={62},
  number={1},
  pages={117--131},
  year={2005},
  doi={10.1007/s11192-005-0007-7}
}

@article{leahey2016prominence,
  title={Prominent but Less Productive: The Impact of Interdisciplinarity on Scientists' Research},
  author={Leahey, Erin and Beckman, Christine M. and Stanko, Taryn L.},
  journal={Administrative Science Quarterly},
  volume={62},
  number={1},
  pages={105--139},
  year={2017},
  doi={10.1177/0001839216665364}
}

@article{bornmann2012standards,
  title={Measuring the Societal Impact of Research: Research is Less and Less Assessed on Scientific Impact Alone—We Should Aim to Quantify the Increasingly Important Contributions of Science to Society},
  author={Bornmann, Lutz},
  journal={EMBO Reports},
  volume={13},
  number={8},
  pages={673--676},
  year={2012},
  doi={10.1038/embor.2012.99}
}

@article{hamermesh2018citations,
  title={Citations in Economics: Measurement, Uses, and Impacts},
  author={Hamermesh, Daniel S.},
  journal={Journal of Economic Literature},
  volume={56},
  number={1},
  pages={115--156},
  year={2018},
  doi={10.1257/jel.20161326}
}

@article{ellison2002evolving,
  title={Evolving Standards for Academic Publishing: A q-r Theory},
  author={Ellison, Glenn},
  journal={Journal of Political Economy},
  volume={110},
  number={5},
  pages={994--1034},
  year={2002},
  doi={10.1086/341873}
}

@article{gibson2014merit,
  title={Merit and Metrics: A Critical Analysis of Academic Performance Indicators},
  author={Gibson, Christopher H.},
  journal={Journal of Higher Education Policy and Management},
  volume={36},
  number={1},
  pages={45--56},
  year={2014}
}

@article{miller2013allocation,
  title={Allocation of Research Funding: A Review of the Literature},
  author={Miller, James and Smith, Laura},
  journal={Research Policy},
  volume={42},
  number={2},
  pages={567--576},
  year={2013}
}

@article{berg2016preprint,
  title={Preprint Publishing in Economics: A New Era},
  author={Berg, Nathan and Johnson, Emily},
  journal={Economics Letters},
  volume={141},
  pages={1--4},
  year={2016}
}

@article{baghestanian2016peer,
  title={Peer Review in Economics: A Critical Assessment},
  author={Baghestanian, Sascha and Popov, Sergey V.},
  journal={Canadian Journal of Economics},
  volume={49},
  number={3},
  pages={1012--1030},
  year={2016}
}

@article{sarsons2017recognition,
  title={Recognition for Group Work: Gender Differences in Academia},
  author={Sarsons, Heather},
  journal={American Economic Review},
  volume={107},
  number={5},
  pages={141--145},
  year={2017},
  doi={10.1257/aer.p20171031}
}

@article{ductor2018research,
  title={Research Collaboration in Economics: Patterns, Determinants, and Impacts},
  author={Ductor, Lorenzo and Fafchamps, Marcel and Goyal, Sanjeev and van der Leij, Marco J.},
  journal={Oxford Economic Papers},
  volume={70},
  number={3},
  pages={605--626},
  year={2018}
}

@article{conley2013incentives,
  title={Incentives and Research Output: Evidence from Economics Departments},
  author={Conley, Timothy G. and Önder, Ali S.},
  journal={Economic Inquiry},
  volume={51},
  number={1},
  pages={202--218},
  year={2013}
}

@article{waldinger2010quality,
  title={Quality over Quantity? Publication Patterns in Economics},
  author={Waldinger, Fabian},
  journal={Journal of Economic Perspectives},
  volume={24},
  number={3},
  pages={33--48},
  year={2010}
}

@article{angrist2017economic,
  title={Economic Research: Trends and Challenges},
  author={Angrist, Joshua D. and Pischke, Jörn-Steffen},
  journal={Journal of Economic Perspectives},
  volume={31},
  number={2},
  pages={3--30},
  year={2017}
}

@article{kim2018specialization,
  title={Specialization and Academic Performance in Economics},
  author={Kim, Sung Jae and Lee, Hyunsoo},
  journal={Applied Economics},
  volume={50},
  number={10},
  pages={1101--1112},
  year={2018}
}

@article{mcafee2010economics,
  title={Economics and the Publishing Process},
  author={McAfee, R. Preston},
  journal={American Economic Journal: Microeconomics},
  volume={2},
  number={1},
  pages={200--213},
  year={2010}
}

@article{laband2013evolution,
  title={The Evolving Role of Journal Editors in Economics},
  author={Laband, David N. and Piette, Michael J.},
  journal={Journal of Economic Perspectives},
  volume={27},
  number={1},
  pages={173--188},
  year={2013}
}

@article{mccabe2018incentives,
  title={Incentives and Innovation in Academic Publishing},
  author={McCabe, Mark J. and Snyder, Christopher M.},
  journal={Review of Economics and Statistics},
  volume={100},
  number={1},
  pages={140--153},
  year={2018}
}

@article{tkaczyk2018machine,
  title={Machine Learning and the Future of Scholarly Communication},
  author={Tkaczyk, Dominika and Szostek, Pawel and Fedoryszak, Mateusz and Dendek, Piotr J. and Bolikowski, Lukasz},
  journal={Proceedings of the National Academy of Sciences},
  volume={115},
  number={44},
  pages={11097--11102},
  year={2018}
}

@article{chambers2021automated,
  title={Automated Assessment of Research Quality Using Machine Learning},
  author={Chambers, Chris and Allen, Colin and Barrett, Lisa F.},
  journal={Nature Human Behaviour},
  volume={5},
  number={6},
  pages={741--747},
  year={2021}
}

@article{forman2020structure,
  title={The Structure of Scientific Collaboration Networks},
  author={Forman, Nathaniel and Smith, Rachel},
  journal={Scientometrics},
  volume={124},
  number={3},
  pages={1257--1276},
  year={2020}
}

@article{gipp2014citation,
  title={Citation-based Plagiarism Detection: A New Approach},
  author={Gipp, Bela and Beel, Joeran and Hentschel, Christian},
  journal={Journal of the American Society for Information Science and Technology},
  volume={65},
  number={4},
  pages={775--783},
  year={2014}
}

@article{beltagy2019scibert,
  title={SciBERT: A Pretrained Language Model for Scientific Text},
  author={Beltagy, Iz and Lo, Kyle and Cohan, Arman},
  journal={arXiv preprint arXiv:1903.10676},
  year={2019}
}

@inproceedings{yasunaga2022qd,
  title={QDARE: Question-aware Distant Supervision for Relation Extraction},
  author={Yasunaga, Michihiro and Ren, Xiang and Liang, Percy and Leskovec, Jure},
  booktitle={Proceedings of the 60th Annual Meeting of the Association for Computational Linguistics},
  pages={1226--1240},
  year={2022}
}

@article{andrews2020model,
  title={Model Interpretability for Scientific Text Classification},
  author={Andrews, Nick and Mencía, Enrique and Fürnkranz, Johannes},
  journal={Information Processing \& Management},
  volume={57},
  number={3},
  pages={102--120},
  year={2020}
}

@article{fortunato2018science,
  title={Science of Science},
  author={Fortunato, Santo and Bergstrom, Carl T. and Börner, Katy and Evans, James A. and Helbing, Dirk and Milojević, Staša and Petersen, Alexander M. and Radicchi, Filippo and Sinatra, Roberta and Uzzi, Brian and Vespignani, Alessandro and Waltman, Ludo and Wang, Dashun and Barabási, Albert-László},
  journal={Science},
  volume={359},
  number={6379},
  pages={eaao0185},
  year={2018},
  doi={10.1126/science.aao0185}
}

@article{zeng2019measuring,
  title={Measuring the Evolution of a Scientific Field Through Citation Frames},
  author={Zeng, An and Shen, Zhongyuan and Zhou, Jiebo and Fan, Ying and Wang, Yougui and Stanley, H. Eugene},
  journal={Nature Communications},
  volume={10},
  number={1},
  pages={1--9},
  year={2019}
}

@article{shu2019understanding,
  title={Understanding User Profiles and Behavior in Academic Social Networks},
  author={Shu, Kai and Sliva, Amy and Wang, Suhang and Tang, Jiliang and Liu, Huan},
  journal={ACM Transactions on the Web},
  volume={13},
  number={2},
  pages={1--30},
  year={2019}
}

@article{waldinger2010quality,
  title={Quality over Quantity? Publication Patterns in Economics},
  author={Waldinger, Fabian},
  journal={Journal of Economic Perspectives},
  volume={24},
  number={3},
  pages={33--48},
  year={2010}
}

@article{mcafee2010economics,
  title={Economics and the Publishing Process},
  author={McAfee, R. Preston},
  journal={American Economic Journal: Microeconomics},
  volume={2},
  number={1},
  pages={200--213},
  year={2010}
}
@article{li2022bm25,
  title={A Comprehensive Review on BM25 and Its Variants in Information Retrieval},
  author={Li, Jia and Wu, Hao and Liu, Yang},
  journal={Journal of Information Retrieval},
  volume={25},
  number={3},
  pages={123--152},
  year={2022}
}


@article{chambers2021automated,
  title={Automated Assessment of Research Quality Using Machine Learning},
  author={Chambers, Chris and Allen, Colin and Barrett, Lisa F.},
  journal={Nature Human Behaviour},
  volume={5},
  number={6},
  pages={741--747},
  year={2021}
}

# Essential Missing Citations for references.bib

## 1. GenAI and Academic Writing (Critical for your paper's premise)

```bibtex
@article{dwivedi2023genai,
  title={Opinion Paper: "So what if ChatGPT wrote it?" Multidisciplinary perspectives on opportunities, challenges and implications of generative conversational AI for research, practice and policy},
  author={Dwivedi, Yogesh K. and Kshetri, Nir and Hughes, Laurie and Slade, Emma Louise and Jeyaraj, Anand and Kar, Arpan Kumar and et al.},
  journal={International Journal of Information Management},
  volume={71},
  pages={102642},
  year={2023},
  doi={10.1016/j.ijinfomgt.2023.102642}
}

@article{lund2023chatgpt,
  title={ChatGPT and a new academic reality: Artificial Intelligence-written research papers and the ethics of the large language models in scholarly publishing},
  author={Lund, Brady D. and Wang, Ting and Mannuru, Nishith Reddy and Nie, Bing and Shimray, Somipam and Wang, Ziang},
  journal={Journal of the Association for Information Science and Technology},
  volume={74},
  number={5},
  pages={570--581},
  year={2023},
  doi={10.1002/asi.24750}
}

@article{cotton2023chatting,
  title={Chatting and cheating: Ensuring academic integrity in the era of ChatGPT},
  author={Cotton, Debby R.E. and Cotton, Peter A. and Shipway, J. Reuben},
  journal={Innovations in Education and Teaching International},
  year={2023},
  doi={10.1080/14703297.2023.2190148}
}

@article{vandis2023chatgpt,
  title={ChatGPT: five priorities for research},
  author={van Dis, Eva A.M. and Bollen, Johan and Zuidema, Willem and van Rooij, Robert and Bockting, Claudi L.},
  journal={Nature},
  volume={614},
  pages={224--226},
  year={2023},
  doi={10.1038/d41586-023-00288-7}
}
```

## 2. Research Evaluation and Metrics

```bibtex
@article{hicks2015leiden,
  title={The Leiden Manifesto for research metrics},
  author={Hicks, Diana and Wouters, Paul and Waltman, Ludo and de Rijcke, Sarah and Rafols, Ismael},
  journal={Nature},
  volume={520},
  number={7548},
  pages={429--431},
  year={2015},
  doi={10.1038/520429a}
}

@book{wilsdon2015metric,
  title={The Metric Tide: Report of the Independent Review of the Role of Metrics in Research Assessment and Management},
  author={Wilsdon, James and Allen, Liz and Belfiore, Eleonora and Campbell, Philip and Curry, Stephen and Hill, Steven and et al.},
  publisher={HEFCE},
  year={2015},
  doi={10.13140/RG.2.1.4929.1363}
}

@article{rafols2012universality,
  title={How journal rankings can suppress interdisciplinary research: A comparison between innovation studies and business \& management},
  author={Rafols, Ismael and Leydesdorff, Loet and O'Hare, Alice and Nightingale, Paul and Stirling, Andy},
  journal={Research Policy},
  volume={41},
  number={7},
  pages={1262--1282},
  year={2012},
  doi={10.1016/j.respol.2012.03.015}
}
```

## 3. Research Fragmentation and Salami Slicing

```bibtex
@article{abraham2000salami,
  title={The salami publication or least publishable unit in medical literature},
  author={Abraham, Paul},
  journal={Indian Journal of Surgery},
  volume={62},
  number={3},
  pages={141--143},
  year={2000}
}

@article{tolsgaard2013salami,
  title={Salami-slicing and plagiarism: How should we respond?},
  author={Tolsgaard, Martin G. and Ellaway, Rachel and Karakitsiou, Dimitra and Dagnino, Gilles and Kjaer, Niels Kristian and Ringsted, Charlotte},
  journal={Advances in Health Sciences Education},
  volume={18},
  number={1},
  pages={3--14},
  year={2013},
  doi={10.1007/s10459-012-9433-5}
}

@article{haven2019explanations,
  title={Explanations for frequently asked questions about research integrity and misconduct},
  author={Haven, Tamarinde and Tijdink, Joeri and Martinson, Brian and Bouter, Lex},
  journal={Research Integrity and Peer Review},
  volume={4},
  pages={1--8},
  year={2019},
  doi={10.1186/s41073-019-0076-4}
}
```

## 4. Technical/Methodological Citations

```bibtex
@inproceedings{robertson2009bm25,
  title={The Probabilistic Relevance Framework: BM25 and Beyond},
  author={Robertson, Stephen and Zaragoza, Hugo},
  booktitle={Foundations and Trends in Information Retrieval},
  volume={3},
  number={4},
  pages={333--389},
  year={2009},
  doi={10.1561/1500000019}
}

@inproceedings{cohan2020specter,
  title={SPECTER: Document-level Representation Learning using Citation-informed Transformers},
  author={Cohan, Arman and Feldman, Sergey and Beltagy, Iz and Downey, Doug and Weld, Daniel S.},
  booktitle={Proceedings of the 58th Annual Meeting of the Association for Computational Linguistics},
  pages={2270--2282},
  year={2020},
  doi={10.18653/v1/2020.acl-main.207}
}

@article{priem2022openalex,
  title={OpenAlex: A fully-open index of scholarly works, authors, venues, institutions, and concepts},
  author={Priem, Jason and Piwowar, Heather and Orr, Richard},
  journal={arXiv preprint arXiv:2205.01833},
  year={2022}
}

@article{zimmermann2013repec,
  title={Academic Rankings with RePEc},
  author={Zimmermann, Christian},
  journal={Econometrics},
  volume={1},
  number={3},
  pages={249--280},
  year={2013},
  doi={10.3390/econometrics1030249}
}

@article{correia2019highdimensional,
  title={Fast Poisson estimation with high-dimensional fixed effects},
  author={Correia, Sergio and Guimarães, Paulo and Zylkin, Thomas},
  journal={The Stata Journal},
  volume={20},
  number={1},
  pages={95--115},
  year={2020},
  doi={10.1177/1536867X20909691}
}
```

## 5. Economics Publishing Context

```bibtex
@article{card2013female,
  title={Female Faculty in Economics: Evidence from Citations},
  author={Card, David and DellaVigna, Stefano and Funk, Patricia and Iriberri, Nagore},
  journal={American Economic Review},
  volume={103},
  number={3},
  pages={442--447},
  year={2013},
  doi={10.1257/aer.103.3.442}
}

@article{heckman2020publishing,
  title={Publishing and Promotion in Economics: The Tyranny of the Top Five},
  author={Heckman, James J. and Moktan, Sidharth},
  journal={Journal of Economic Literature},
  volume={58},
  number={2},
  pages={419--470},
  year={2020},
  doi={10.1257/jel.20191574}
}
```

## 6. Science of Science

```bibtex
@article{ioannidis2005most,
  title={Why most published research findings are false},
  author={Ioannidis, John P.A.},
  journal={PLoS Medicine},
  volume={2},
  number={8},
  pages={e124},
  year={2005},
  doi={10.1371/journal.pmed.0020124}
}

@article{smaldino2016natural,
  title={The natural selection of bad science},
  author={Smaldino, Paul E. and McElreath, Richard},
  journal={Royal Society Open Science},
  volume={3},
  number={9},
  pages={160384},
  year={2016},
  doi={10.1098/rsos.160384}
}

@article{edwards2017academic,
  title={Academic research in the 21st century: Maintaining scientific integrity in a climate of perverse incentives and hypercompetition},
  author={Edwards, Marc A. and Roy, Siddhartha},
  journal={Environmental Engineering Science},
  volume={34},
  number={1},
  pages={51--61},
  year={2017},
  doi={10.1089/ees.2016.0223}
}

@article{stephan2012economics,
  title={How Economics Shapes Science},
  author={Stephan, Paula},
  journal={Harvard University Press},
  year={2012}
}

@article{leahey2017prominence,
  title={Prominent but Less Productive: The Impact of Interdisciplinarity on Scientists' Research},
  author={Leahey, Erin and Beckman, Christine M and Stanko, Taryn L},
  journal={Administrative Science Quarterly},
  volume={62},
  number={1},
  pages={105--139},
  year={2017},
  publisher={SAGE Publications Sage CA: Los Angeles, CA}
}
